<record><leader>00000cas a22000007i 4500</leader><controlfield tag="001">948199130</controlfield><controlfield tag="008">160428c20169999iluwr n       0   a0eng  </controlfield><datafield ind1=" " ind2=" " tag="010"><subfield code="a">  2016201233</subfield></datafield><datafield ind1=" " ind2=" " tag="040"><subfield code="a">DLC</subfield><subfield code="b">eng</subfield><subfield code="e">rda</subfield><subfield code="c">DLC</subfield><subfield code="d">DLC</subfield></datafield><datafield ind1=" " ind2=" " tag="012"><subfield code="l">1</subfield></datafield><datafield ind1="0" ind2=" " tag="022"><subfield code="a">2472-2030</subfield><subfield code="2">1</subfield></datafield><datafield ind1=" " ind2=" " tag="037"><subfield code="b">Paxton Star Weekly, 209 West 1st Street, North Clarence, IL  60960</subfield></datafield><datafield ind1=" " ind2=" " tag="042"><subfield code="a">nsdp</subfield><subfield code="a">pcc</subfield></datafield><datafield ind1="1" ind2="0" tag="050"><subfield code="a">ISSN RECORD</subfield></datafield><datafield ind1="1" ind2="0" tag="082"><subfield code="a">070</subfield><subfield code="2">23</subfield></datafield><datafield ind1=" " ind2="4" tag="222"><subfield code="a">The Paxton star weekly</subfield><subfield code="b">(Print)</subfield></datafield><datafield ind1="0" ind2="4" tag="245"><subfield code="a">The Paxton star weekly.</subfield></datafield><datafield ind1="1" ind2=" " tag="246"><subfield code="a">Paxton star</subfield></datafield><datafield ind1=" " ind2="1" tag="264"><subfield code="a">Paxton, IL :</subfield><subfield code="b">Paxton Star Weekly</subfield></datafield><datafield ind1=" " ind2=" " tag="310"><subfield code="a">Weekly</subfield></datafield><datafield ind1=" " ind2=" " tag="336"><subfield code="a">text</subfield><subfield code="b">txt</subfield><subfield code="2">rdacontent</subfield></datafield><datafield ind1=" " ind2=" " tag="337"><subfield code="a">unmediated</subfield><subfield code="b">n</subfield><subfield code="2">rdamedia</subfield></datafield><datafield ind1=" " ind2=" " tag="338"><subfield code="a">volume</subfield><subfield code="b">nc</subfield><subfield code="2">rdacarrier</subfield></datafield><datafield ind1="1" ind2=" " tag="362"><subfield code="a">Began with: 1st issue  (February 21, 2016).</subfield></datafield><datafield ind1=" " ind2=" " tag="588"><subfield code="a">Description based on surrogate of: 2nd issue (Febraury 28, 2016); title from banner.</subfield></datafield><datafield ind1=" " ind2=" " tag="588"><subfield code="a">Latest issue consulted: 2nd issue (February 28, 2016) (surrogate).</subfield></datafield><datafield ind1="0" ind2="8" tag="776"><subfield code="i">Online version:</subfield><subfield code="t">Paxton star weekly</subfield><subfield code="x">2472-2049</subfield><subfield code="w">(DLC)  2016201232</subfield><subfield code="w">(OCoLC)948199770</subfield></datafield><datafield ind1="4" ind2="1" tag="856"><subfield code="u">http://www.amazon.com/Paxton-Star-Weekly-February-21-ebook/dp/B01C7X0JBC?ie=UTF8&amp;keywords=paxton%20star%20weekly&amp;qid=1461858535&amp;ref_=sr_1_1&amp;sr=8-1</subfield></datafield></record>